@article{factoring,
  title        = {Factoring the Dedekind-Frobenius Determinant of a Semigroup},
  author       = {Benjamin Steinberg},
  year         = {2022},
  volume       = {605},
  pages        = {1-36},
  journal      = {Journal of Algebra},
  howpublished = {  
                  https://doi.org/10.48550/arXiv.2108.02166}
}

@article{kho,
  title        = {Monoidal Categories, Representation Gap and Cryptography},
  author       = {Mikhail Khovanov, Mauthreya Sitaraman, Daniel Tubbenhauer},
  journal      = {},
  volume       = {},
  pages        = {},
  howpublished = {https://arxiv.org/pdf/2201.01805.pdf},
  year         = {2022}
}

@article{bro,
  title   = {Semigroup and Ring Theoretical Methods in Probability},
  author  = {Kenneth S. Brown},
  journal = {Fields Institute Communications},
  volume  = {},
  pages   = {},
  year    = {}
}

@article{eve,
  title   = {The sympathetic sceptic's guide to semigroup representations},
  author  = {Brent Everitt},
  journal = {arXiv},
  volume  = {},
  pages   = {},
  year    = {}
}

@book{lind-marc,
  author    = {Douglas Lind, Brian Marcus},
  editor    = {Cambridge University Press},
  publisher = {Cambridge Mathematical Library},
  title     = {An Introduction to Symbolic Dynamics and Coding},
  edition = {Second},
  year      = {2021}
}

@book{df,
  title     = {Abstract Algebra},
  author    = {David S. Dummit, Richard M. Foote},
  isbn      = {0471433349},
  publisher = {Wiley},
  edition   = {3rd Edition}
}
